{
  "workflowId": "68528ec640583a7bb0a7dc4a",
  "runId": "6852a4c840583a7bb0a7dd8b",
  "executedAt": "2025-06-18T11:36:40.165Z",
  "data": [
    {
      "_id": "6852a5c8b1f1470eaad202e8",
      "productName": "Duval-Leroy Champagne | Demi-sec",
      "image": "https://static.delhaize.be/medias/sys_master/h25/h34/9998775812126.jpg?buildNumber=ee6a0d50d8c57f872e8047f52ea58f0d7fe91b2b3c6c94df3acecece87de1326&imwidth=300",
      "price": 34.99,
      "priceCurrency": "EUR",
      "originalPrice": 0,
      "volume": "75 cl",
      "pricePerLiter": "46,65 €/l",
      "discount": "",
      "link": "https://www.delhaize.be/fr/shop/Vins-and-bulles/Bulles/Champagne/Blanc/Champagne-Demi-sec/p/S1997052900240260000"
    },
    {
      "_id": "6852a5c8b1f1470eaad202e9",
      "productName": "Italy Vin Mousseux | Sergio White Edition",
      "image": "https://static.delhaize.be/medias/sys_master/products/h0b/ha4/13021538713630.jpg?buildNumber=ee6a0d50d8c57f872e8047f52ea58f0d7fe91b2b3c6c94df3acecece87de1326&imwidth=300",
      "price": 14.99,
      "priceCurrency": "EUR",
      "originalPrice": 0,
      "volume": "75 cl",
      "pricePerLiter": "19,99 €/l",
      "discount": "null",
      "link": "https://www.delhaize.be/fr/shop/Vins-and-bulles/Bulles/Autres-effervescents/Blanc/Vin-Mousseux-Sergio-White-Edition/p/S2024080900785100000"
    },
    {
      "_id": "6852a5c8b1f1470eaad202ea",
      "productName": "Chateau Tanunda Chardonnay",
      "image": "https://static.delhaize.be/medias/sys_master/products/h78/h08/12942732689438.jpg?buildNumber=ee6a0d50d8c57f872e8047f52ea58f0d7fe91b2b3c6c94df3acecece87de1326&imwidth=300",
      "price": 9.98,
      "priceCurrency": "EUR",
      "originalPrice": 0,
      "volume": "75 cl",
      "pricePerLiter": "13,31 €/l",
      "discount": "",
      "link": "https://www.delhaize.be/fr/shop/Vins-and-bulles/Vins-blancs/Australie/Chardonnay/p/S2018071900086090000"
    },
    {
      "_id": "6852a5c8b1f1470eaad202eb",
      "productName": "Chateau Tanunda Cabernet Sauvignon / Shiraz",
      "image": "https://static.delhaize.be/medias/sys_master/products/h63/hff/12942611185694.jpg?buildNumber=ee6a0d50d8c57f872e8047f52ea58f0d7fe91b2b3c6c94df3acecece87de1326&imwidth=300",
      "price": 9.98,
      "priceCurrency": "EUR",
      "originalPrice": 0,
      "volume": "75 cl",
      "pricePerLiter": "13,31 €/l",
      "discount": "",
      "link": "https://www.delhaize.be/fr/shop/Vins-and-bulles/Vins-rouges/Australie/Cabernet-Sauvignon-Shiraz/p/S2018071100082030000"
    },
    {
      "_id": "6852a5c8b1f1470eaad202ec",
      "productName": "Delhaize Pays d'Oc | Rose Gris",
      "image": "https://static.delhaize.be/medias/sys_master/products/h2f/h96/12656818257950.jpg?buildNumber=ee6a0d50d8c57f872e8047f52ea58f0d7fe91b2b3c6c94df3acecece87de1326&imwidth=300",
      "price": 3.99,
      "priceCurrency": "EUR",
      "originalPrice": 0,
      "volume": "75 cl",
      "pricePerLiter": "5,32 €/l",
      "discount": "-33.33% pour 3",
      "link": "https://www.delhaize.be/fr/shop/Vins-and-bulles/Vins-roses/France/Languedoc-Roussillon/Pays-d-Oc-Rose-Gris/p/S2022070500636680000"
    },
    {
      "_id": "6852a5c8b1f1470eaad202ed",
      "productName": "Delhaize Pays d'Oc | Sauvignon Blanc",
      "image": "https://static.delhaize.be/medias/sys_master/h12/hb4/12433995300894.jpg?buildNumber=ee6a0d50d8c57f872e8047f52ea58f0d7fe91b2b3c6c94df3acecece87de1326&imwidth=300",
      "price": 9.79,
      "priceCurrency": "EUR",
      "originalPrice": 13.99,
      "volume": "3 l",
      "pricePerLiter": "3,26 €/l",
      "discount": "-30%",
      "link": "https://www.delhaize.be/fr/shop/Vins-and-bulles/Vins-blancs/Les-cubi/Pays-d-Oc-Sauvignon-Blanc/p/S2022042000621360000"
    },
    {
      "_id": "6852a5c8b1f1470eaad202ee",
      "productName": "Delhaize Pays d'Oc | Rose Gris",
      "image": "https://static.delhaize.be/medias/sys_master/h9c/h05/12433938087966.jpg?buildNumber=ee6a0d50d8c57f872e8047f52ea58f0d7fe91b2b3c6c94df3acecece87de1326&imwidth=300",
      "price": 9.79,
      "priceCurrency": "EUR",
      "originalPrice": 13.99,
      "volume": "3 l",
      "pricePerLiter": "3,26 €/l",
      "discount": "-30%",
      "link": "https://www.delhaize.be/fr/shop/Vins-and-bulles/Vins-roses/Les-cubi/Pays-d-Oc-Rose-Gris/p/S2022042000621340000"
    },
    {
      "_id": "6852a5c8b1f1470eaad202ef",
      "productName": "Delhaize Pays d'Oc | Merlot",
      "image": "https://static.delhaize.be/medias/sys_master/products/hfd/h1e/13088800800798.jpg?buildNumber=ee6a0d50d8c57f872e8047f52ea58f0d7fe91b2b3c6c94df3acecece87de1326&imwidth=300",
      "price": 9.79,
      "priceCurrency": "EUR",
      "originalPrice": 13.99,
      "volume": "3 l",
      "pricePerLiter": "3,26 €/l",
      "discount": "-30%",
      "link": "https://www.delhaize.be/fr/shop/Vins-and-bulles/Vins-rouges/Les-cubi/Pays-d-Oc-Merlot/p/S2022042000621050000"
    },
    {
      "_id": "6852a5c8b1f1470eaad202f0",
      "productName": "Delhaize Pays d'Oc | Chardonnay",
      "image": "https://static.delhaize.be/medias/sys_master/products/haa/h88/12669847699486.jpg?buildNumber=ee6a0d50d8c57f872e8047f52ea58f0d7fe91b2b3c6c94df3acecece87de1326&imwidth=300",
      "price": 9.79,
      "priceCurrency": "EUR",
      "originalPrice": 13.99,
      "volume": "3 l",
      "pricePerLiter": "3,26 €/l",
      "discount": "-30%",
      "link": "https://www.delhaize.be/fr/shop/Vins-and-bulles/Vins-blancs/Les-cubi/Pays-d-Oc-Chardonnay/p/S2022042000621750000"
    },
    {
      "_id": "6852a5c8b1f1470eaad202f1",
      "productName": "Delhaize Pays d'Oc | Chardonnay",
      "image": "https://static.delhaize.be/medias/sys_master/products/h60/hd4/12710330826782.jpg?buildNumber=ee6a0d50d8c57f872e8047f52ea58f0d7fe91b2b3c6c94df3acecece87de1326&imwidth=300",
      "price": 3.99,
      "priceCurrency": "EUR",
      "originalPrice": 10,
      "volume": "75 cl",
      "pricePerLiter": "5,32 €/l",
      "discount": "-33.33% pour 3",
      "link": "https://www.delhaize.be/fr/shop/Vins-and-bulles/Vins-blancs/France/Languedoc-Roussillon/Pays-d-Oc-Chardonnay/p/S2022070500636660000"
    },
    {
      "_id": "6852a5c8b1f1470eaad202f2",
      "productName": "Delhaize Pays d'Oc | Syrah Rosé",
      "image": "https://static.delhaize.be/medias/sys_master/products/hd7/h59/12668064595998.jpg?buildNumber=ee6a0d50d8c57f872e8047f52ea58f0d7fe91b2b3c6c94df3acecece87de1326&imwidth=300",
      "price": 3.99,
      "priceCurrency": "EUR",
      "originalPrice": 3.99,
      "volume": "75 cl",
      "pricePerLiter": "5,32 €/l",
      "discount": "-33.33% pour 3",
      "link": "https://www.delhaize.be/fr/shop/Vins-and-bulles/Vins-roses/France/Languedoc-Roussillon/Pays-d-Oc-Syrah-Rose/p/S2022070500636730000"
    },
    {
      "_id": "6852a5c8b1f1470eaad202f3",
      "productName": "Delhaize Pays d'Oc | Merlot",
      "image": "https://static.delhaize.be/medias/sys_master/products/h0c/h90/12658526748702.jpg?buildNumber=ee6a0d50d8c57f872e8047f52ea58f0d7fe91b2b3c6c94df3acecece87de1326&imwidth=300",
      "price": 3.99,
      "priceCurrency": "EUR",
      "originalPrice": 3.99,
      "volume": "75 cl",
      "pricePerLiter": "5,32 €/l",
      "discount": "-33.33% pour 3",
      "link": "https://www.delhaize.be/fr/shop/Vins-and-bulles/Vins-rouges/France/Languedoc-Rousillon/Pays-d-Oc-Merlot/p/S2022070500636650000"
    },
    {
      "_id": "6852a5c8b1f1470eaad202f4",
      "productName": "Delhaize Pays d'Oc | Syrah Rosé",
      "image": "https://static.delhaize.be/medias/sys_master/products/hfd/h21/12658532581406.jpg?buildNumber=ee6a0d50d8c57f872e8047f52ea58f0d7fe91b2b3c6c94df3acecece87de1326&imwidth=300",
      "price": 9.79,
      "priceCurrency": "EUR",
      "originalPrice": 13.99,
      "volume": "3 l",
      "pricePerLiter": "3,26 €/l",
      "discount": "-30%",
      "link": "https://www.delhaize.be/fr/shop/Vins-and-bulles/Vins-roses/Les-cubi/Pays-d-Oc-Syrah-Rose/p/S2022042000621260000"
    },
    {
      "_id": "6852a5c8b1f1470eaad202f5",
      "productName": "Delhaize pouch | Pays d'Oc | Grenache Rosé",
      "image": "https://static.delhaize.be/medias/sys_master/products/hc4/h03/13088779632670.jpg?buildNumber=ee6a0d50d8c57f872e8047f52ea58f0d7fe91b2b3c6c94df3acecece87de1326&imwidth=300",
      "price": 5.59,
      "priceCurrency": "EUR",
      "originalPrice": 7.99,
      "volume": "1,5 l",
      "pricePerLiter": "3,73 €/l",
      "discount": "-30%",
      "link": "https://www.delhaize.be/fr/shop/Vins-and-bulles/Vins-roses/France/Languedoc-Roussillon/pouch-Pays-d-Oc-Grenache-Rose/p/S2019103100319530000"
    },
    {
      "_id": "6852a5c8b1f1470eaad202f6",
      "productName": "Delhaize Pays d'Oc | Sauvignon Blanc",
      "image": "https://static.delhaize.be/medias/sys_master/products/h11/hf5/12669806018590.jpg?buildNumber=ee6a0d50d8c57f872e8047f52ea58f0d7fe91b2b3c6c94df3acecece87de1326&imwidth=300",
      "price": 3.99,
      "priceCurrency": "EUR",
      "originalPrice": 0,
      "volume": "75 cl",
      "pricePerLiter": "5,32 €/l",
      "discount": "-33.33% pour 3",
      "link": "https://www.delhaize.be/fr/shop/Vins-and-bulles/Vins-blancs/France/Languedoc-Roussillon/Pays-d-Oc-Sauvignon-Blanc/p/S2022070500636690000"
    },
    {
      "_id": "6852a5c8b1f1470eaad202f7",
      "productName": "Montinho Sao Miguel Vinho Regional Alentejano",
      "image": "https://static.delhaize.be/medias/sys_master/h70/hd3/12431215034398.jpg?buildNumber=ee6a0d50d8c57f872e8047f52ea58f0d7fe91b2b3c6c94df3acecece87de1326&imwidth=300",
      "price": 4.99,
      "priceCurrency": "EUR",
      "originalPrice": -1,
      "volume": "75 cl",
      "pricePerLiter": "6,65 €/l",
      "discount": "-33.33% pour 3",
      "link": "https://www.delhaize.be/fr/shop/Vins-and-bulles/Vins-blancs/Portugal/Vinho-Regional-Alentejano/p/S2022010600269210000"
    },
    {
      "_id": "6852a5c8b1f1470eaad202f8",
      "productName": "Leo Vinum BGA Vlaamse Landwijn",
      "image": "https://static.delhaize.be/medias/sys_master/hcb/he9/12431449587742.jpg?buildNumber=ee6a0d50d8c57f872e8047f52ea58f0d7fe91b2b3c6c94df3acecece87de1326&imwidth=300",
      "price": 7.19,
      "priceCurrency": "EUR",
      "originalPrice": 8.99,
      "volume": "75 cl",
      "pricePerLiter": "9,59 €/l",
      "discount": "-20%",
      "link": "https://www.delhaize.be/fr/shop/Vins-and-bulles/Vins-rouges/Autres/BGA-Vlaamse-Landwijn/p/S2021010500486430000"
    },
    {
      "_id": "6852a5c8b1f1470eaad202f9",
      "productName": "Stellenbosch Chenin",
      "image": "https://static.delhaize.be/medias/sys_master/h05/hbc/12433767497758.jpg?buildNumber=ee6a0d50d8c57f872e8047f52ea58f0d7fe91b2b3c6c94df3acecece87de1326&imwidth=300",
      "price": 8.99,
      "priceCurrency": "EUR",
      "originalPrice": 0,
      "volume": "75 cl",
      "pricePerLiter": "11,99 €/l",
      "discount": "-33.33% pour 3",
      "link": "https://www.delhaize.be/fr/shop/Vins-and-bulles/Vins-blancs/Afrique-du-Sud/Chenin/p/S2018110600129020000"
    },
    {
      "_id": "6852a5c8b1f1470eaad202fa",
      "productName": "Montinho Sao Miguel Vinho Regional Alentejano",
      "image": "https://static.delhaize.be/medias/sys_master/h48/h94/12433650188318.jpg?buildNumber=ee6a0d50d8c57f872e8047f52ea58f0d7fe91b2b3c6c94df3acecece87de1326&imwidth=300",
      "price": 4.99,
      "priceCurrency": "EUR",
      "originalPrice": 0,
      "volume": "75 cl",
      "pricePerLiter": "6,65 €/l",
      "discount": "-33.33% pour 3",
      "link": "https://www.delhaize.be/fr/shop/Vins-and-bulles/Vins-rouges/Portugal/Vinho-Regional-Alentejano/p/S2022050400626430000"
    },
    {
      "_id": "6852a5c8b1f1470eaad202fb",
      "productName": "Meerdael Chardonnay | Brut",
      "image": "https://static.delhaize.be/medias/sys_master/hf8/h0b/10977559085086.jpg?buildNumber=ee6a0d50d8c57f872e8047f52ea58f0d7fe91b2b3c6c94df3acecece87de1326&imwidth=300",
      "price": 15.99,
      "priceCurrency": "EUR",
      "originalPrice": 19.99,
      "volume": "75 cl",
      "pricePerLiter": "21,32 €/l",
      "discount": "-20%",
      "link": "https://www.delhaize.be/fr/shop/Vins-and-bulles/Bulles/Mousseux/Blanc/Chardonnay-Brut/p/S2018081400100850000"
    },
    {
      "_id": "6852a5c8b1f1470eaad202fc",
      "productName": "Leo Vinum BGA Vlaamse Landwijn",
      "image": "https://static.delhaize.be/medias/sys_master/hd0/h32/12597446148126.jpg?buildNumber=ee6a0d50d8c57f872e8047f52ea58f0d7fe91b2b3c6c94df3acecece87de1326&imwidth=300",
      "price": 7.19,
      "priceCurrency": "EUR",
      "originalPrice": 8.99,
      "volume": "75 cl",
      "pricePerLiter": "9,59 €/l",
      "discount": "-20%",
      "link": "https://www.delhaize.be/fr/shop/Vins-and-bulles/Vins-roses/Autres/BGA-Vlaamse-Landwijn/p/S2021010500486370000"
    },
    {
      "_id": "6852a5c8b1f1470eaad202fd",
      "productName": "Leo Vinum BGA Vlaamse Landwijn",
      "image": "https://static.delhaize.be/medias/sys_master/h7c/h8b/12597419343902.jpg?buildNumber=ee6a0d50d8c57f872e8047f52ea58f0d7fe91b2b3c6c94df3acecece87de1326&imwidth=300",
      "price": 7.19,
      "priceCurrency": "EUR",
      "originalPrice": 8.99,
      "volume": "75 cl",
      "pricePerLiter": "9,59 €/l",
      "discount": "-20",
      "link": "https://www.delhaize.be/fr/shop/Vins-and-bulles/Vins-blancs/Autres/BGA-Vlaamse-Landwijn/p/S2021010500486460000"
    },
    {
      "_id": "6852a5c8b1f1470eaad202fe",
      "productName": "Delhaize pouch | Pays d'Oc | Merlot",
      "image": "https://static.delhaize.be/medias/sys_master/products/h19/h20/12734396366878.jpg?buildNumber=ee6a0d50d8c57f872e8047f52ea58f0d7fe91b2b3c6c94df3acecece87de1326&imwidth=300",
      "price": 5.59,
      "priceCurrency": "EUR",
      "originalPrice": 7.99,
      "volume": "1,5 l",
      "pricePerLiter": "3,73 €/l",
      "discount": "-30%",
      "link": "https://www.delhaize.be/fr/shop/Vins-and-bulles/Vins-rouges/France/Languedoc-Rousillon/pouch-Pays-d-Oc-Merlot/p/S2019103100319510000"
    },
    {
      "_id": "6852a5c8b1f1470eaad202ff",
      "productName": "Montinho Sao Miguel Vinho Regional Alentejano",
      "image": "https://static.delhaize.be/medias/sys_master/hed/h5e/12431423176734.jpg?buildNumber=ee6a0d50d8c57f872e8047f52ea58f0d7fe91b2b3c6c94df3acecece87de1326&imwidth=300",
      "price": 4.99,
      "priceCurrency": "EUR",
      "originalPrice": 0,
      "volume": "75 cl",
      "pricePerLiter": "6,65 €/l",
      "discount": "-33.33% pour 3",
      "link": "https://www.delhaize.be/fr/shop/Vins-and-bulles/Vins-roses/Autres/Vinho-Regional-Alentejano/p/S2022010600492720098"
    },
    {
      "_id": "6852a5c8b1f1470eaad20300",
      "productName": "Delhaize pouch | Pays d'Oc | Chardonnay",
      "image": "https://static.delhaize.be/medias/sys_master/products/h63/h67/12734362288158.jpg?buildNumber=ee6a0d50d8c57f872e8047f52ea58f0d7fe91b2b3c6c94df3acecece87de1326&imwidth=300",
      "price": 5.59,
      "priceCurrency": "EUR",
      "originalPrice": 7.99,
      "volume": "1,5 l",
      "pricePerLiter": "3,73 €/l",
      "discount": "-30%",
      "link": "https://www.delhaize.be/fr/shop/Vins-and-bulles/Vins-blancs/France/pouch-Pays-d-Oc-Chardonnay/p/S2019103100319540000"
    },
    {
      "_id": "6852a5c8b1f1470eaad20301",
      "productName": "Chateau Bon Baron Côte de Sambre et Meuse | 2017",
      "image": "https://static.delhaize.be/medias/sys_master/products/h01/h3a/12928834732062.jpg?buildNumber=ee6a0d50d8c57f872e8047f52ea58f0d7fe91b2b3c6c94df3acecece87de1326&imwidth=300",
      "price": 12.79,
      "priceCurrency": "EUR",
      "originalPrice": 15.99,
      "volume": "75 cl",
      "pricePerLiter": "17,06 €/l",
      "discount": "-20%",
      "link": "https://www.delhaize.be/fr/shop/Vins-and-bulles/Vins-rouges/Autres/Cote-de-Sambre-et-Meuse-2017/p/S2020060800434860000"
    },
    {
      "_id": "6852a5c8b1f1470eaad20302",
      "productName": "Stellenbosch Cabernet Sauvignon",
      "image": "https://static.delhaize.be/medias/sys_master/h26/haa/12431282012190.jpg?buildNumber=ee6a0d50d8c57f872e8047f52ea58f0d7fe91b2b3c6c94df3acecece87de1326&imwidth=300",
      "price": 8.99,
      "priceCurrency": "EUR",
      "originalPrice": 0,
      "volume": "75 cl",
      "pricePerLiter": "11,99 €/l",
      "discount": "-33.33% pour 3",
      "link": "https://www.delhaize.be/fr/shop/Vins-and-bulles/Vins-rouges/Afrique-du-Sud/Cabernet-Sauvignon/p/S2020081700457430000"
    },
    {
      "_id": "6852a5c8b1f1470eaad20303",
      "productName": "Chateau Bon Baron Côte de Sambre et Meuse | 2020",
      "image": "https://static.delhaize.be/medias/sys_master/products/h3e/ha5/12755920191518.jpg?buildNumber=ee6a0d50d8c57f872e8047f52ea58f0d7fe91b2b3c6c94df3acecece87de1326&imwidth=300",
      "price": 12.79,
      "priceCurrency": "EUR",
      "originalPrice": 15.99,
      "volume": "75 cl",
      "pricePerLiter": "17,06 €/l",
      "discount": "-20",
      "link": "https://www.delhaize.be/fr/shop/Vins-and-bulles/Vins-blancs/Autres/Cote-de-Sambre-et-Meuse-2020/p/S2022021500606280000"
    },
    {
      "_id": "6852a5c8b1f1470eaad20304",
      "productName": "Delhaize Pays d'Oc | Cabernet Sauvignon",
      "image": "https://static.delhaize.be/medias/sys_master/ha0/h7d/12433668603934.jpg?buildNumber=ee6a0d50d8c57f872e8047f52ea58f0d7fe91b2b3c6c94df3acecece87de1326&imwidth=300",
      "price": 3.99,
      "priceCurrency": "EUR",
      "originalPrice": 0,
      "volume": "75 cl",
      "pricePerLiter": "5,32 €/l",
      "discount": "-33.33% pour 3",
      "link": "https://www.delhaize.be/fr/shop/Vins-and-bulles/Vins-rouges/France/Languedoc-Rousillon/Pays-d-Oc-Cabernet-Sauvignon/p/S2022070400636630000"
    },
    {
      "_id": "6852a5c8b1f1470eaad20305",
      "productName": "Leo Vinum Leo Vinum Bio Blanc",
      "image": "https://static.delhaize.be/medias/sys_master/products/h17/hdf/12799817252894.jpg?buildNumber=ee6a0d50d8c57f872e8047f52ea58f0d7fe91b2b3c6c94df3acecece87de1326&imwidth=300",
      "price": 7.99,
      "priceCurrency": "EUR",
      "originalPrice": 9.99,
      "volume": "75 cl",
      "pricePerLiter": "10,66 €/l",
      "discount": "-20%",
      "link": "https://www.delhaize.be/fr/shop/Vins-and-bulles/Vins-blancs/Autres/Leo-Vinum-Bio-Blanc/p/S2022122800669510000"
    },
    {
      "_id": "6852a5c8b1f1470eaad20306",
      "productName": "Delhaize Pays d'Oc | Rose Gris",
      "image": "https://static.delhaize.be/medias/sys_master/h86/haa/12431191375902.jpg?buildNumber=ee6a0d50d8c57f872e8047f52ea58f0d7fe91b2b3c6c94df3acecece87de1326&imwidth=300",
      "price": 1.99,
      "priceCurrency": "EUR",
      "originalPrice": 1.99,
      "volume": "37,5 cl",
      "pricePerLiter": "5,31 €/l",
      "discount": "-33.33% pour 3",
      "link": "https://www.delhaize.be/fr/shop/Vins-and-bulles/Vins-roses/France/Languedoc-Roussillon/Pays-d-Oc-Rose-Gris/p/S2019112800330640000"
    },
    {
      "_id": "6852a5c8b1f1470eaad20307",
      "productName": "Stellenbosch Pinotage",
      "image": "https://static.delhaize.be/medias/sys_master/h9a/h8a/12433950736414.jpg?buildNumber=ee6a0d50d8c57f872e8047f52ea58f0d7fe91b2b3c6c94df3acecece87de1326&imwidth=300",
      "price": 8.99,
      "priceCurrency": "EUR",
      "originalPrice": 13.49,
      "volume": "75 cl",
      "pricePerLiter": "11,99 €/l",
      "discount": "-33.33% pour 3",
      "link": "https://www.delhaize.be/fr/shop/Vins-and-bulles/Vins-rouges/Afrique-du-Sud/Pinotage/p/S2019062500266160000"
    },
    {
      "_id": "6852a5c8b1f1470eaad20308",
      "productName": "Delhaize Pays d'Oc | Chardonnay",
      "image": "https://static.delhaize.be/medias/sys_master/h37/hef/12431105261598.jpg?buildNumber=ee6a0d50d8c57f872e8047f52ea58f0d7fe91b2b3c6c94df3acecece87de1326&imwidth=300",
      "price": 1.99,
      "priceCurrency": "EUR",
      "originalPrice": 1.99,
      "volume": "37,5 cl",
      "pricePerLiter": "5,31 €/l",
      "discount": "-33.33% pour 3",
      "link": "https://www.delhaize.be/fr/shop/Vins-and-bulles/Vins-blancs/France/Languedoc-Roussillon/Pays-d-Oc-Chardonnay/p/S2020111700471220000"
    },
    {
      "_id": "6852a5c8b1f1470eaad20309",
      "productName": "Cornelius 1831 Bourgueil | 2017",
      "image": "https://static.delhaize.be/medias/sys_master/products/h2f/h5b/13112128077854.jpg?buildNumber=ee6a0d50d8c57f872e8047f52ea58f0d7fe91b2b3c6c94df3acecece87de1326&imwidth=300",
      "price": 14.29,
      "priceCurrency": "EUR",
      "originalPrice": 21.99,
      "volume": "75 cl",
      "pricePerLiter": "19,06 €/l",
      "discount": "-35%",
      "link": "https://www.delhaize.be/fr/shop/Vins-and-bulles/Vins-rouges/Exclusivites-en-ligne/France-Autres-regions/Bourgueil-2017/p/S2021031200526460000"
    },
    {
      "_id": "6852a5c8b1f1470eaad2030a",
      "productName": "Chateau La Tour Blanche Sauternes 1er Cru Classé | 2020",
      "image": "https://static.delhaize.be/medias/sys_master/products/had/h78/13112189026334.jpg?buildNumber=ee6a0d50d8c57f872e8047f52ea58f0d7fe91b2b3c6c94df3acecece87de1326&imwidth=300",
      "price": 30.54,
      "priceCurrency": "EUR",
      "originalPrice": 46.99,
      "volume": "75 cl",
      "pricePerLiter": "40,72 €/l",
      "discount": "-35%",
      "link": "https://www.delhaize.be/fr/shop/Vins-and-bulles/Vins-blancs/Exclusivites-en-ligne/France-Bordeaux/Sauternes-1er-Cru-Classe-2020/p/S2021090300576530000"
    },
    {
      "_id": "6852a5c8b1f1470eaad2030b",
      "productName": "Les Pagodes de Cos Saint-Estèphe | 2020",
      "image": "https://static.delhaize.be/medias/sys_master/products/h73/he5/13179024015390.jpg?buildNumber=ee6a0d50d8c57f872e8047f52ea58f0d7fe91b2b3c6c94df3acecece87de1326&imwidth=300",
      "price": 37.69,
      "priceCurrency": "EUR",
      "originalPrice": 57.99,
      "volume": "75 cl",
      "pricePerLiter": "50,26 €/l",
      "discount": "-35%",
      "link": "https://www.delhaize.be/fr/shop/Vins-and-bulles/Exclusivites-online/Vins-rouges/France-Bordeaux/Saint-Estephe-2020/p/S2021091300577560000"
    },
    {
      "_id": "6852a5c8b1f1470eaad2030c",
      "productName": "Clos La Gaffeliere Saint-Émilion Grand Cru | 2020",
      "image": "https://static.delhaize.be/medias/sys_master/products/h94/h33/13178988298270.jpg?buildNumber=ee6a0d50d8c57f872e8047f52ea58f0d7fe91b2b3c6c94df3acecece87de1326&imwidth=300",
      "price": 17.54,
      "priceCurrency": "EUR",
      "originalPrice": 26.99,
      "volume": "75 cl",
      "pricePerLiter": "23,39 €/l",
      "discount": "-35%",
      "link": "https://www.delhaize.be/fr/shop/Vins-and-bulles/Exclusivites-online/Vins-rouges/France-Bordeaux/Saint-Emilion-Grand-Cru-2020/p/S2021102900484790096"
    },
    {
      "_id": "6852a5c8b1f1470eaad2030d",
      "productName": "Chateau La Tour de Mons Margaux Cru Bourgeois Supérieur | 2020",
      "image": "https://static.delhaize.be/medias/sys_master/products/hf6/h45/13178969751582.jpg?buildNumber=ee6a0d50d8c57f872e8047f52ea58f0d7fe91b2b3c6c94df3acecece87de1326&imwidth=300",
      "price": 14.03,
      "priceCurrency": "EUR",
      "originalPrice": 21.59,
      "volume": "75 cl",
      "pricePerLiter": "18,71 €/l",
      "discount": "-35%",
      "link": "https://www.delhaize.be/fr/shop/Vins-and-bulles/Exclusivites-online/Vins-rouges/France-Bordeaux/Margaux-Cru-Bourgeois-Superieur-2020/p/S2022021600606720000"
    },
    {
      "_id": "6852a5c8b1f1470eaad2030e",
      "productName": "Chateau La Tour Carnet Haut-Médoc Grand Cru Classé | 2020",
      "image": "https://static.delhaize.be/medias/sys_master/products/ha2/h98/13178955857950.jpg?buildNumber=ee6a0d50d8c57f872e8047f52ea58f0d7fe91b2b3c6c94df3acecece87de1326&imwidth=300",
      "price": 26.32,
      "priceCurrency": "EUR",
      "originalPrice": 40.49,
      "volume": "75 cl",
      "pricePerLiter": "35,09 €/l",
      "discount": "-35%",
      "link": "https://www.delhaize.be/fr/shop/Vins-and-bulles/Exclusivites-online/Vins-rouges/France-Bordeaux/Haut-Medoc-Grand-Cru-Classe-2020/p/S2022022300608730000"
    },
    {
      "_id": "6852a5c8b1f1470eaad2030f",
      "productName": "Skouras Mega oenos | 2018",
      "image": "https://static.delhaize.be/medias/sys_master/products/h1d/hc0/13112425807902.jpg?buildNumber=ee6a0d50d8c57f872e8047f52ea58f0d7fe91b2b3c6c94df3acecece87de1326&imwidth=300",
      "price": 17.15,
      "priceCurrency": "EUR",
      "originalPrice": 26.39,
      "volume": "75 cl",
      "pricePerLiter": "22,87 €/l",
      "discount": "-35%",
      "link": "https://www.delhaize.be/fr/shop/Vins-and-bulles/Vins-rouges/Exclusivites-en-ligne/Reste-de-l-Europe/Mega-oenos-2018/p/S2023010900325780000"
    },
    {
      "_id": "6852a5c8b1f1470eaad20310",
      "productName": "Le Roi des Montagnes Syrah | 2020",
      "image": "https://static.delhaize.be/medias/sys_master/products/h68/had/13112256397342.jpg?buildNumber=ee6a0d50d8c57f872e8047f52ea58f0d7fe91b2b3c6c94df3acecece87de1326&imwidth=300",
      "price": 18.84,
      "priceCurrency": "EUR",
      "originalPrice": 28.99,
      "volume": "75 cl",
      "pricePerLiter": "25,12 €/l",
      "discount": "-35%",
      "link": "https://www.delhaize.be/fr/shop/Vins-and-bulles/Vins-rouges/Exclusivites-en-ligne/Reste-de-l-Europe/Syrah-2020/p/S2023010900329990000"
    },
    {
      "_id": "6852a5c8b1f1470eaad20311",
      "productName": "Chateau Carbonnieux Pessac-Léognan Grand Cru Classé de Graves | 2020",
      "image": "https://static.delhaize.be/medias/sys_master/products/h8e/h17/13178948911134.jpg?buildNumber=ee6a0d50d8c57f872e8047f52ea58f0d7fe91b2b3c6c94df3acecece87de1326&imwidth=300",
      "price": 25.99,
      "priceCurrency": "EUR",
      "originalPrice": 39.99,
      "volume": "75 cl",
      "pricePerLiter": "34,66 €/l",
      "discount": "-35%",
      "link": "https://www.delhaize.be/fr/shop/Vins-and-bulles/Exclusivites-online/Vins-rouges/France-Bordeaux/Pessac-Leognan-Grand-Cru-Classe-de-Graves-2020/p/S2022022200608080000"
    },
    {
      "_id": "6852a5c8b1f1470eaad20312",
      "productName": "Ktimatselepos Blanc de Gris | Moschofilero | 2020",
      "image": "https://static.delhaize.be/medias/sys_master/products/h05/h3f/13023823527966.jpg?buildNumber=ee6a0d50d8c57f872e8047f52ea58f0d7fe91b2b3c6c94df3acecece87de1326&imwidth=300",
      "price": 10.39,
      "priceCurrency": "EUR",
      "originalPrice": 15.99,
      "volume": "75 cl",
      "pricePerLiter": "13,86 €/l",
      "discount": "-35%",
      "link": "https://www.delhaize.be/fr/shop/Vins-and-bulles/Exclusivites-online/Vins-blancs/Reste-de-l-Europe/Blanc-de-Gris-Moschofilero-2020/p/S2022122200668630000"
    },
    {
      "_id": "6852a5c8b1f1470eaad20313",
      "productName": "La Demoiselle de Sociando-Mallet Haut-Médoc | 2019",
      "image": "https://static.delhaize.be/medias/sys_master/products/hfb/h84/13148657156126.jpg?buildNumber=ee6a0d50d8c57f872e8047f52ea58f0d7fe91b2b3c6c94df3acecece87de1326&imwidth=300",
      "price": 15.98,
      "priceCurrency": "EUR",
      "originalPrice": 24.59,
      "volume": "75 cl",
      "pricePerLiter": "21,31 €/l",
      "discount": "-35%",
      "link": "https://www.delhaize.be/fr/shop/Vins-and-bulles/Vins-rouges/France/Bordeaux/Haut-Medoc-2019/p/S2021030500523140000"
    },
    {
      "_id": "6852a5c8b1f1470eaad20314",
      "productName": "Prunus Avium Pays d'Oc | Pinot Noir | 2022",
      "image": "https://static.delhaize.be/medias/sys_master/hb3/h4b/12125742399518.jpg?buildNumber=ee6a0d50d8c57f872e8047f52ea58f0d7fe91b2b3c6c94df3acecece87de1326&imwidth=300",
      "price": 4.54,
      "priceCurrency": "EUR",
      "originalPrice": 6.99,
      "volume": "75 cl",
      "pricePerLiter": "6,06 €/l",
      "discount": "-35%",
      "link": "https://www.delhaize.be/fr/shop/Vins-and-bulles/Exclusivites-online/Vins-rouges/France-Autres-regions/Pays-d-Oc-Pinot-Noir-2022/p/S2023081700719440000"
    },
    {
      "_id": "6852a5c8b1f1470eaad20315",
      "productName": "Skouras Dum Vinum Sperum | 2021",
      "image": "https://static.delhaize.be/medias/sys_master/products/ha8/h75/13112252858398.jpg?buildNumber=ee6a0d50d8c57f872e8047f52ea58f0d7fe91b2b3c6c94df3acecece87de1326&imwidth=300",
      "price": 24.89,
      "priceCurrency": "EUR",
      "originalPrice": 38.29,
      "volume": "75 cl",
      "pricePerLiter": "33,18 €/l",
      "discount": "-35%",
      "link": "https://www.delhaize.be/fr/shop/Vins-and-bulles/Exclusivites-online/Vins-blancs/Reste-de-l-Europe/Dum-Vinum-Sperum-2021/p/S2023010900300540000"
    },
    {
      "_id": "6852a5c8b1f1470eaad20316",
      "productName": "Chateau La Gaffeliere Saint-Émilion 1er Grand Cru Classé | 2019",
      "image": "https://static.delhaize.be/medias/sys_master/products/h94/h42/13141963374622.jpg?buildNumber=ee6a0d50d8c57f872e8047f52ea58f0d7fe91b2b3c6c94df3acecece87de1326&imwidth=300",
      "price": 44,
      "priceCurrency": "EUR",
      "originalPrice": 72.99,
      "volume": "75 cl",
      "pricePerLiter": "63,26 €/l",
      "discount": "-35%",
      "link": "https://www.delhaize.be/fr/shop/Vins-and-bulles/Exclusivites-online/Vins-rouges/France-Bordeaux/Saint-Emilion-1er-Grand-Cru-Classe-2019/p/S2021010500486110000"
    },
    {
      "_id": "6852a5c8b1f1470eaad20317",
      "productName": "Chateau Bon Baron Côte de Sambre et Meuse | 2022",
      "image": "https://static.delhaize.be/medias/sys_master/products/h45/h70/12648618098718.jpg?buildNumber=ee6a0d50d8c57f872e8047f52ea58f0d7fe91b2b3c6c94df3acecece87de1326&imwidth=300",
      "price": 12.79,
      "priceCurrency": "EUR",
      "originalPrice": 15.99,
      "volume": "75 cl",
      "pricePerLiter": "17,06 €/l",
      "discount": "-20%",
      "link": "https://www.delhaize.be/fr/shop/Vins-and-bulles/Vins-roses/Autres/Cote-de-Sambre-et-Meuse-2022/p/S2024021300752740000"
    },
    {
      "_id": "6852a5c8b1f1470eaad20318",
      "productName": "Triturus 2023",
      "image": "https://static.delhaize.be/medias/sys_master/h71/haf/12632371658782.jpg?buildNumber=ee6a0d50d8c57f872e8047f52ea58f0d7fe91b2b3c6c94df3acecece87de1326&imwidth=300",
      "price": 11.99,
      "priceCurrency": "EUR",
      "originalPrice": 14.99,
      "volume": "75 cl",
      "pricePerLiter": "15,99 €/l",
      "discount": "-20%",
      "link": "https://www.delhaize.be/fr/shop/Vins-and-bulles/Vins-blancs/Autres/2023/p/S2024030100756190000"
    },
    {
      "_id": "6852a5c8b1f1470eaad20319",
      "productName": "Delhaize Pays d'Oc | Cabernet Sauvignon",
      "image": "https://static.delhaize.be/medias/sys_master/h47/hff/12431267528734.jpg?buildNumber=ee6a0d50d8c57f872e8047f52ea58f0d7fe91b2b3c6c94df3acecece87de1326&imwidth=300",
      "price": 1.99,
      "priceCurrency": "EUR",
      "originalPrice": 1.99,
      "volume": "37,5 cl",
      "pricePerLiter": "5,31 €/l",
      "discount": "-33.33% pour 3",
      "link": "https://www.delhaize.be/fr/shop/Vins-and-bulles/Vins-rouges/France/Languedoc-Rousillon/Pays-d-Oc-Cabernet-Sauvignon/p/S2019122400337610000"
    }
  ],
  "totalCount": 50
}
